<record><leader>00000cas a2200000 a 4500</leader><controlfield tag="001">8814209</controlfield><controlfield tag="008">820928d180318uukyuwr ne      0   a0eng  </controlfield><datafield ind1=" " ind2=" " tag="010"><subfield code="a">sn 82015453 </subfield></datafield><datafield ind1=" " ind2=" " tag="040"><subfield code="a">DLC</subfield><subfield code="b">eng</subfield><subfield code="c">DLC</subfield><subfield code="d">NPX</subfield><subfield code="d">KNP</subfield><subfield code="d">DLC</subfield><subfield code="d">KNP</subfield><subfield code="d">YOX</subfield><subfield code="d">KNP</subfield><subfield code="d">CVF</subfield><subfield code="d">KRTAS</subfield><subfield code="d">CGU</subfield><subfield code="d">OCLCQ</subfield><subfield code="d">OCLCF</subfield></datafield><datafield ind1="1" ind2=" " tag="029"><subfield code="a">AU@</subfield><subfield code="b">000025831202</subfield></datafield><datafield ind1=" " ind2=" " tag="042"><subfield code="a">pcc</subfield></datafield><datafield ind1=" " ind2=" " tag="043"><subfield code="a">n-us-ky</subfield></datafield><datafield ind1="0" ind2="0" tag="050"><subfield code="a">Newspaper 7885-X</subfield></datafield><datafield ind1="0" ind2=" " tag="130"><subfield code="a">Independent gazetteer (Lexington, Ky.)</subfield></datafield><datafield ind1="1" ind2="0" tag="245"><subfield code="a">Independent gazetteer.</subfield></datafield><datafield ind1=" " ind2=" " tag="260"><subfield code="a">Lexington [Ky.] :</subfield><subfield code="b">Charless &amp; Peniston,</subfield><subfield code="c">1803-</subfield></datafield><datafield ind1=" " ind2=" " tag="300"><subfield code="a">v. ;</subfield><subfield code="c">68 cm.</subfield></datafield><datafield ind1=" " ind2=" " tag="310"><subfield code="a">Weekly</subfield></datafield><datafield ind1="0" ind2=" " tag="362"><subfield code="a">Vol. 1, no. 1 (Mar. 29, 1803)-</subfield></datafield><datafield ind1=" " ind2=" " tag="500"><subfield code="a">Imprint varies: J. Charless, &lt;May 17&gt;-Aug. 9, 1803; Charless &amp; Kay, Aug. 16-Sept. 20, 1803; Robert Kay, Sept. 27, 1803--</subfield></datafield><datafield ind1=" " ind2="0" tag="651"><subfield code="a">Lexington (Ky.)</subfield><subfield code="v">Newspapers.</subfield></datafield><datafield ind1=" " ind2="0" tag="651"><subfield code="a">Fayette County (Ky.)</subfield><subfield code="v">Newspapers.</subfield></datafield><datafield ind1=" " ind2="7" tag="655"><subfield code="a">Newspapers.</subfield><subfield code="2">fast</subfield><subfield code="0">(OCoLC)fst01423814</subfield></datafield><datafield ind1=" " ind2="7" tag="651"><subfield code="a">Kentucky</subfield><subfield code="z">Fayette County.</subfield><subfield code="2">fast</subfield><subfield code="0">(OCoLC)fst01206953</subfield></datafield><datafield ind1=" " ind2="7" tag="651"><subfield code="a">Kentucky</subfield><subfield code="z">Lexington.</subfield><subfield code="2">fast</subfield><subfield code="0">(OCoLC)fst01206432</subfield></datafield><datafield ind1=" " ind2=" " tag="752"><subfield code="a">United States</subfield><subfield code="b">Kentucky</subfield><subfield code="c">Fayette</subfield><subfield code="d">Lexington.</subfield></datafield><datafield ind1=" " ind2=" " tag="938"><subfield code="a">Kirtas Technologies, Inc.</subfield><subfield code="b">KRTS</subfield><subfield code="n">736087</subfield></datafield></record>